Automatically generated by Mendeley Desktop 1.14
Any changes to this file will be lost if it is regenerated by Mendeley.

BibTeX export options can be customized via Options -> BibTeX in Mendeley Desktop

@article{Cite201,
author = {Doe, John and Smith, John},
journal = {arXiv preprint arXiv:xxx.xxxx},
number = {1},
pages = {1--9},
title = {{A random citation?}},
year = {2015}
}
@inproceedings{Cite101,
author = {Doe, John and Smith, John and Average, Joe},
booktitle = {Advances in Neural Information Processing Systems (NIPS)},
pages = {577----585},
title = {{Yet another convolutional neural net}},
year = {2025}
}
